% --------------------------- BOOK ---------------------------

@book{goldblatt1993mathematics,
	year = {1993},
	title = {Mathematics of Modality},
    address={Stanford},
	publisher = {Center for the Study of Language and Information Publications},
	author = {Robert Goldblatt}
}

@book{blackburn2001modal,
	title={Modal logic},
	author={Blackburn, Patrick and De Rijke, Maarten and Venema, Yde},
	volume={53},
	year={2001},
    address={Cambridge},
	publisher={Cambridge University Press}
}

@book{lewis1918survey,
	title={A survey of symbolic logic},
	author={Lewis, Clarence Irving},
	year={1918},
    address={Berkeley},
	publisher={University of California press}
}

@book{gabbay2003many,
	title={Many-dimensional Modal Logics: Theory and Applications},
	author={Gabbay, D.M.},
	isbn={9780444508263},
	issn={0049-237X},
	series={Studies in logic and the foundations of mathematics},
	year={2003},
    address={Amsterdam},
	publisher={North Holland Publishing Company}
}

@book{lewis1959symbolic,
	title={Symbolic logic},
	author={Lewis, Clarence Irving and Langford, Cooper Harold and Lamprecht, P},
	volume={170},
	year={1959},
    address={New York},
	publisher={Dover Publications New York}
}

@book{zalta1995basic,
	title =     {Basic Concepts In Modal Logic},
	author =    {Edward N. Zalta},
	publisher = {Center for the Study of Language and Information Stanford University},
	year =      {1995},
	url =       {http://mally.stanford.edu/notes.pdf}
}

@book{carnap1942introduction,
	year = {1942},
	publisher = {Harvard University Press},
    address={Cambridge},
	title = {Introduction to Semantics},
	author = {Rudolf Carnap}
}

@book{carnap1988meaning,
	title={Meaning and necessity: a study in semantics and modal logic},
	author={Carnap, Rudolf},
	volume={30},
	year={1988},
    address={Chicago},
	publisher={University of Chicago Press}
}

@book{chellas1980modal,
	title={Modal Logic: An Introduction},
	DOI={10.1017/CBO9780511621192},
	publisher={Cambridge University Press},
    address={Cambridge},
	author={Chellas, Brian F.},
	year={1980}
}

@book{priest2008nonclassical,
	address={Cambridge},
	edition={2},
	series={Cambridge Introductions to Philosophy},
	title={An Introduction to Non-Classical Logic: From If to Is},
	DOI={10.1017/CBO9780511801174},
	publisher={Cambridge University Press},
	author={Priest, Graham},
	year={2008},
	collection={Cambridge Introductions to Philosophy}
}

@book{lamport2002specifying,
	author = {Lamport, Leslie},
	title = {Specifying Systems: The TLA+ Language and Tools for Hardware and Software Engineers},
	year = {2002},
	isbn = {032114306X},
	publisher = {Addison-Wesley Longman Publishing Co., Inc.},
	address = {USA}
}

@book{fagin2004reasoning,
	title={Reasoning about knowledge},
	author={Fagin, Ronald and Halpern, Joseph Y and Moses, Yoram and Vardi, Moshe},
	year={1995},
    address={Cambridge},
	publisher={MIT press}
}

@book{carnielli2008analysis,
	title={Analysis and Synthesis of Logics: how to cut and paste reasoning systems},
	author={Carnielli, Walter and Coniglio, Marcelo and Gabbay, Dov M and Gouveia, Paula and Sernadas, Cristina},
	volume={35},
	year={2008},
    address={Netherlands},
	publisher={Springer Science \& Business Media}
}

@book{appel1989every,
    title={Every planar map is four colorable},
    author={Appel, Kenneth I and Haken, Wolfgang},
    volume={98},
    year={1989},
    address={Washington},
    publisher={American Mathematical Society}
}

@book{chlipala2022certified,
    title={Certified Programming with Dependent Types},
    author={Chlipala, Adam},
    year={2022},
    address={Cambridge},
    publisher={MIT Press}
}

@book{bertot2004interactive,
    title={Interactive Theorem Proving and Program Development: Coq'Art: The Calculus of Inductive Constructions},
    author={Bertot, Yves and Cast{\'e}ran, Pierre},
    year={2004},
    address={Berlin},
    publisher={Springer-Verlag}
}

@book{pierce2021software,
    author = {Benjamin C. Pierce and Arthur Azevedo de Amorim and Chris Casinghino
                and Marco Gaboardi and Michael Greenberg and Cătălin Hriţcu
                and Vilhelm Sjöberg and Brent Yorgey},
    editor       =   {Benjamin C. Pierce},
    title        =   "Logical Foundations",
    series       =   "Software Foundations",
    volume       =   "1",
    year         =   "2021",
    publisher    =   "Electronic textbook",
    address      =   "Pennsylvania",
    note         =   {Version 6.1, \url{http://softwarefoundations.cis.upenn.edu}}
}

@book{russell1903principles,
    author = {Bertrand Russell},
    title = {Principles of Mathematics},
    year = {1903},
    address={Cambridge},
    publisher = {Cambridge University Press}
}

@book{huet1990logical,
    title={Logical foundations of functional programming},
    author={Huet, G{\'e}rard},
    year={1990},
    address={Austin},
    publisher={Addison-Wesley Longman Publishing Co., Inc.}
}

@book{martin1984intuitionistic,
    title={Intuitionistic type theory},
    author={Martin-L{\"o}f, Per and Sambin, Giovanni},
    volume={9},
    year={1984},
    address={Naples},
    publisher={Bibliopolis Naples},
    note={Notas de Aula}
}

@book{pierce2002types,
    title={Types and programming languages},
    author={Pierce, Benjamin C},
    year={2002},
    address={Cambridge},
    publisher={MIT press}
}

@book{prior1957time,
    title={Time and modality: Being the John Locke Lectures for 1955-6 Delivered in the University of Oxford},
    author={Prior, Arthur N},
    year={1957},
    address={Oxford},
    publisher={Claredon Press}
}

@book{prior1967past,
    title = {Past, Present and Future},
    address={Oxford},
    publisher = {Clarendon Press},
    year = {1967},
    author = {Arthur N. Prior}
}

@book{hintikka1962knowledge,
    year = {1962},
    title = {Knowledge and Belief: An Introduction to the Logic of the Two Notions},
    author = {Kaarlo Jaakko Juhani Hintikka},
    address={Ithaca},
    publisher = {Cornell University Press}
}

@book{vonwright1951essay,
    title = {An Essay in Modal Logic},
    author = {Georg Henrik von Wright},
    year = {1951},
    address={Amsterdam},
    publisher = {North-Holland Amsterdam}
}

@book{curry1958combinatory,
    title={Combinatory logic},
    author={Curry, Haskell Brooks and Feys, Robert},
    volume={1},
    year={1958},
    address={Amsterdam},
    publisher={North-Holland Amsterdam}
}

@book{van2002frege,
    title={From Frege to G{\"o}del: a source book in mathematical logic, 1879-1931},
    author={Van Heijenoort, Jean},
    year={2002},
    address={Cambridge},
    publisher={Harvard University Press}
}

@book{hintikka2013dedekind,
    title={From Dedekind to G{\"o}del: essays on the development of the foundations of mathematics},
    author={Hintikka, Jaakko},
    volume={251},
    year={2013},
    address={Boston},
    publisher={Springer Science \& Business Media}
}

@book{girard1989proofs,
    title={Proofs and types},
    author={Girard, Jean-Yves and Taylor, Paul and Lafont, Yves},
    volume={7},
    year={1989},
    address={Cambridge},
    publisher={Cambridge University Press}
}


% --------------------------- INCOLLECTION ---------------------------

@incollection{sep-logic-modal,
	author       =	{Garson, James},
	title        =	{{Modal Logic}},
	booktitle    =	{The {Stanford} Encyclopedia of Philosophy},
	editor       =	{Edward N. Zalta},
	howpublished =	{\url{https://plato.stanford.edu/archives/sum2021/entries/logic-modal/}},
	year         =	{2021},
	edition      =	{{S}ummer 2021},
	publisher    =	{Metaphysics Research Lab, Stanford University},
    address      =  {Stanford}
}

@incollection{thomason1984combinations,
	title={Combinations of tense and modality},
	author={Thomason, Richmond H},
	booktitle={Handbook of philosophical logic},
	pages={135--165},
	year={1984},
    address={Dordrecht},
	publisher={Springer}
}

@incollection{benthem1984correspondence,
	title={Correspondence theory},
	author={Benthem, Johan van},
	booktitle={Handbook of philosophical logic},
	pages={167--247},
	year={1984},
	publisher={Springer}
}

@incollection{emerson1990temporal,
	title = {Temporal and Modal Logic},
	editor = {JAN {VAN LEEUWEN}},
	booktitle = {Formal Models and Semantics},
	publisher = {Elsevier},
	address = {Amsterdam},
	pages = {995-1072},
	year = {1990},
	series = {Handbook of Theoretical Computer Science},
	isbn = {978-0-444-88074-1},
	doi = {https://doi.org/10.1016/B978-0-444-88074-1.50021-4},
	url = {https://www.sciencedirect.com/science/article/pii/B9780444880741500214},
	author = {E. Allen Emerson},
}

@incollection{barendregt2001proof,
    title={Proof-assistants using dependent type systems},
    author={Barendregt, Henk and Geuvers, Herman},
    publisher = {Elsevier Science Publishers B. V.},
    address = {NLD},
    isbn = {0444508120},
    booktitle={Handbook of Automated Reasoning},
    pages={1149--1238},
    volume={2},
    year={2001}
}

@incollection{sep-logic-combining,
    author       =  {Carnielli, Walter and Coniglio, Marcelo Esteban},
    title        =  {{Combining Logics}},
    booktitle    =  {The {Stanford} Encyclopedia of Philosophy},
    editor       =  {Edward N. Zalta},
    howpublished =  {\url{https://plato.stanford.edu/archives/fall2020/entries/logic-combining/}},
    year         =  {2020},
    edition      =  {{F}all 2020},
    publisher    =  {Metaphysics Research Lab, Stanford University},
    address      =  {Stanford}
}

@incollection{sep-logic-epistemic,
    author       =  {Rendsvig, Rasmus and Symons, John},
    title        =  {{Epistemic Logic}},
    booktitle    =  {The {Stanford} Encyclopedia of Philosophy},
    editor       =  {Edward N. Zalta},
    howpublished =  {\url{https://plato.stanford.edu/archives/sum2021/entries/logic-epistemic/}},
    year         =  {2021},
    edition      =  {{S}ummer 2021},
    publisher    =  {Metaphysics Research Lab, Stanford University},
    address      =  {Stanford}
}

@incollection{sep-logic-temporal,
    author       =  {Goranko, Valentin and Rumberg, Antje},
    title        =  {{Temporal Logic}},
    booktitle    =  {The {Stanford} Encyclopedia of Philosophy},
    editor       =  {Edward N. Zalta},
    howpublished =  {\url{https://plato.stanford.edu/archives/sum2022/entries/logic-temporal/}},
    year         =  {2022},
    edition      =  {{S}ummer 2022},
    publisher    =  {Metaphysics Research Lab, Stanford University},
    address      =  {Stanford}
}

@incollection{sep-type-theory,
    author       =  {Coquand, Thierry},
    title        =  {{Type Theory}},
    booktitle    =  {The {Stanford} Encyclopedia of Philosophy},
    editor       =  {Edward N. Zalta and Uri Nodelman},
    howpublished =  {\url{https://plato.stanford.edu/archives/fall2022/entries/type-theory/}},
    year         =  {2022},
    edition      =  {{F}all 2022},
    publisher    =  {Metaphysics Research Lab, Stanford University},
    address      =  {Stanford}
}

@incollection{martin1975intuitionistic,
    title={An intuitionistic theory of types: Predicative part},
    author={Martin-L{\"o}f, Per},
    booktitle={Studies in Logic and the Foundations of Mathematics},
    volume={80},
    pages={73--118},
    year={1975},
    address={Stockholm},
    publisher={Elsevier}
}

@incollection{paulinmohring2015introduction,
    TITLE = {{Introduction to the Calculus of Inductive Constructions}},
    AUTHOR = {Paulin-Mohring, Christine},
    BOOKTITLE = {{All about Proofs, Proofs for All}},
    EDITOR = {Bruno Woltzenlogel Paleo and David Delahaye},
    PUBLISHER = {{College Publications}},
    address = {London},
    SERIES = {Studies in Logic (Mathematical logic and foundations)},
    VOLUME = {55},
    YEAR = {2015}
}

@incollection{howard1980formulae,
    title = {The Formulae-as-Types Notion of Construction},
    editor = {Haskell Curry and Hindley B. and Seldin J. Roger and P. Jonathan},
    booktitle = {To H. B. Curry: Essays on Combinatory Logic, Lambda Calculus, and Formalism},
    publisher = {Academic Press},
    address = {Chicago},
    author = {William Alvin Howard},
    year = {1980}
}

@incollection{debruijn1980survey,
    title={A survey of the project AUTOMATH},
    author={De Bruijn, Nicolaas Govert},
    booktitle={Studies in Logic and the Foundations of Mathematics},
    address={Amsterdam},
    volume={133},
    pages={141--161},
    year={1980},
    publisher={Elsevier}
}

@incollection{girard1971extension,
    title={Une extension de L'interpretation de g{\"o}del a L'analyse, et son application a L'elimination des coupures dans L'analyse et la theorie des types},
    author={Girard, Jean-Yves},
    booktitle={Studies in Logic and the Foundations of Mathematics},
    volume={63},
    pages={63--92},
    year={1971},
    address={Oslo},
    publisher={Elsevier}
}

@InCollection{sep-type-theory-intuitionistic,
	author       =	{Dybjer, Peter and Palmgren, Erik},
	title        =	{{Intuitionistic Type Theory}},
	booktitle    =	{The {Stanford} Encyclopedia of Philosophy},
	editor       =	{Edward N. Zalta and Uri Nodelman},
	howpublished =	{\url{https://plato.stanford.edu/archives/spr2023/entries/type-theory-intuitionistic/}},
	year         =	{2023},
	edition      =	{{S}pring 2023},
	publisher    =	{Metaphysics Research Lab, Stanford University},
    address      =  {Stanford}
}

% --------------------------- INPROCEEDINGS ---------------------------

@inproceedings{pnueli1977temporal,
	title={The temporal logic of programs},
	author={Pnueli, Amir},
	booktitle={18th Annual Symposium on Foundations of Computer Science (sfcs 1977)},
	pages={46--57},
	year={1977},
    address={USA},
	organization={ieee}
}

@inproceedings{silveira2022sound,
	author = {Da Silveira, Ariel Agne and Ribeiro, Rodrigo and Nunes, Miguel Alfredo and Torrens, Paulo and Roggia, Karina},
	title = {A Sound Deep Embedding of Arbitrary Normal Modal Logics in Coq},
	year = {2022},
	isbn = {9781450397445},
	publisher = {Association for Computing Machinery},
	address = {New York, NY, USA},
	url = {https://doi.org/10.1145/3561320.3561329},
	doi = {10.1145/3561320.3561329},
	booktitle = {XXVI Brazilian Symposium on Programming Languages},
	pages = {1--7},
	numpages = {7},
	keywords = {soundness, Modal logic, Coq proof assistant},
	location = {Virtual Event, Brazil},
	series = {SBLP 2022}
}

@inproceedings{harrison2014history,
	title={History of Interactive Theorem Proving},
	author={Harrison, John and Urban, Josef and Wiedijk, Freek},
	booktitle={Computational Logic},
    address = {Amsterdam},
	volume={9},
	pages={135--214},
	year={2014}
}

@inproceedings{demoura2015lean,
    author = "de Moura, Leonardo and Kong, Soonho and Avigad, Jeremy and van Doorn, Floris and von Raumer, Jakob",
    editor = "Felty, Amy P. and Middeldorp, Aart",
    title = "The Lean Theorem Prover (System Description)",
    booktitle = "Automated Deduction - CADE-25",
    year = "2015",
    publisher = "Springer International Publishing",
    address = "Cham",
    pages = "378--388",
    isbn = "978-3-319-21401-6"
}

@inproceedings{coquand1985constructions,
    title={Constructions: A higher order proof system for mechanizing mathematics},
    author={Coquand, Thierry and Huet, Gerard},
    booktitle={European Conference on Computer Algebra},
    pages={151--184},
    year={1985},
    address={Rocquencourt},
    organization={Springer}
}

@inproceedings{coquand1988inductively,
    title={Inductively defined types},
    author={Coquand, Thierry and Paulin, Christine},
    booktitle={International Conference on Computer Logic},
    address={Tallinn},
    pages={50--66},
    year={1988},
    organization={Springer}
}

@inproceedings{reynolds1974towards,
    title={Towards a theory of type structure},
    author={Reynolds, John C},
    booktitle={Programming Symposium: Proceedings, Colloque sur la Programmation Paris, April 9--11, 1974},
    pages={408--425},
    year={1974},
    address={Paris},
    organization={Springer}
}

% --------------------------- INBOOK ---------------------------

@inbook{paulinmohring2012introduction,
	author="Paulin-Mohring, Christine",
	editor="Meyer, Bertrand and Nordio, Martin",
	title="Introduction to the Coq Proof-Assistant for Practical Software Verification",
	bookTitle="Tools for Practical Software Verification: LASER, International Summer School 2011, Elba Island, Italy, Revised Tutorial Lectures",
	year="2012",
	publisher="Springer Berlin Heidelberg",
	address="Berlin, Heidelberg",
	pages="45--95",
	isbn="978-3-642-35746-6"
}

% --------------------------- THESIS ---------------------------

@phdthesis{roggia2012fusion,
	title={Fusion of General Modal Logics Labelled with Truth Values},
	author={Roggia, Karina Girardi},
	year={2012},
	school={INSTITUTO SUPERIOR T{\'E}CNICO}
}

@phdthesis{leroy2021compcert,
    title={The CompCert C verified compiler: Documentation and user's manual},
    author={Leroy, Xavier},
    year={2021},
    school={Inria}
}

@phdthesis{girard1972interpretation,
    title={Interpr{\'e}tation fonctionnelle et {\'e}limination des coupures de l'arithm{\'e}tique d'ordre sup{\'e}rieur},
    author={Girard, Jean-Yves},
    year={1972},
    school={{\'E}diteur inconnu}
}

@mastersthesis{silva2019certificacao,
	title={Uma certifica{\c{c}}{\~a}o em COQ do algoritmo W mon{\'a}dico},
	author={Silva, Rafael Castro Goncalves},
	year={2019},
	type ={Disserta{\c{c}}{\~a}o},
	school={Universidade do Estado de Santa Catarina, Programa de Pós Gradua{\c{c}}{\~a}o em Computa{\c{c}}{\~a}o Aplicada}
}

@mastersthesis{dewind2001modal,
	title={Modal logic in coq},
	author={de Wind, Paulien},
	year={2001},
	type={Dissertação},
	school={Vrije Universiteit}
}

@masterthesis{neeley2021formalization,
	title={A formalization of dynamic epistemic logic},
	author={Neeley, Paula},
	year={2021},
	type={Dissertação},
	school={Carnegie Mellon University}
}

@mastersthesis{torrens2019calculo,
    title={Um C{\'a}lculo de Continua{\c{c}}{\~o}es com Tipos Dependentes },
    author={TORRENS, Paulo Henrique},
    year={2019},
    type ={Disserta{\c{c}}{\~a}o},
    school={Universidade do Estado de Santa Catarina, Programa de Pós Gradua{\c{c}}{\~a}o em Computa{\c{c}}{\~a}o Aplicada}
}

@mastersthesis{silveira2020implementacao,
    address={Joinville},
    author={Ariel Agne da Silveira},
    school={Bacharelado em Ci{\^e}ncia da Computa{\c{c}}{\~a}o--Centro de Ciências Tecnológicas, UDESC},
    title={Implementação de uma biblioteca de lógica modal em Coq},
    type={Projeto de Diplomação},
    year={2020}
}

@mastersthesis{paiva1998temporal,
	title={Temporal logic in Coq},
	author={Paiva, Nuno and Caleiro, Carlos},
	year={1998},
	type={Projeto de Diplomação},
	school={Licenciatura em Matemática Aplicada e Computa{\c{c}}{\~a}o -- Instituto Superior T{\'e}cnico}
}

% --------------------------- ARTICLE ---------------------------

@article{godel1986interpretation,
	title={An interpretation of the intuitionistic propositional calculus},
	author={G{\"o}del, Kurt},
	journal={Collected Works},
	volume={1},
	pages={301--303},
	year={1986},
	publisher={Oxford University Press New York}
}

@article{orlov1928calculus,
	title={The calculus of compatibility of propositions},
	author={Orlov, Ivan E},
	journal={Mathematics of the USSR, Sbornik},
	volume={35},
	pages={263--286},
	year={1928}
}

@article{kripke1963semantical,
	title={Semantical analysis of modal logic i normal modal propositional calculi},
	author={Kripke, Saul A},
	journal={Mathematical Logic Quarterly},
	volume={9},
	number={5-6},
	pages={67--96},
	year={1963},
	publisher={WILEY-VCH Verlag Berlin GmbH Berlin}
}

@article{kripke1959completeness,
	title={A completeness theorem in modal logic},
	author={Kripke, Saul A},
	journal={The journal of symbolic logic},
	volume={24},
	number={1},
	pages={1--14},
	year={1959},
	publisher={Cambridge University Press}
}

@article{fine1996transfer,
	title={Transfer theorems for multimodal logics},
	author={Fine, Kit and Schurz, Gerhard},
	journal={Logic and reality: essays on the legacy of Arthur Prior},
	pages={169--213},
	year={1996},
	publisher={Oxford University Press Oxford}
}

@article{fitting1969logics,
	title={Logics with several modal operators},
	author={Fitting, Melvin},
	journal={Theoria},
	volume={35},
	number={3},
	pages={259--266},
	year={1969},
	publisher={Blackwell Publishing Ltd Oxford, UK}
}

@article{lamport1983specifying,
	title={Specifying concurrent program modules},
	author={Lamport, Leslie},
	journal={ACM Transactions on Programming Languages and Systems (TOPLAS)},
	volume={5},
	number={2},
	pages={190--222},
	year={1983},
	publisher={ACM New York, NY, USA}
}

@article{lamport1994temporal,
	title={The temporal logic of actions},
	author={Lamport, Leslie},
	journal={ACM Transactions on Programming Languages and Systems (TOPLAS)},
	volume={16},
	number={3},
	pages={872--923},
	year={1994},
	publisher={ACM New York, NY, USA}
}

@article{lescanne2004mechanizing,
	title={Mechanizing epistemic logic with Coq},
	author={Lescanne, Pierre},
	year={2004},
	publisher={Citeseer}
}

@article{avigad2017theorem,
	title={Theorem proving in Lean},
	author={Avigad, Jeremy and de Moura, Leonardo and Kong, Soonho},
	journal={Online at \url{https://leanprover.github.io/theorem_proving_in_lean/theorem_proving_in_lean.pdf}},
	year={2017}
}

@article{geuvers2009proof,
    doi = {10.1007/s12046-009-0001-5},
    url = {https://doi.org/10.1007/s12046-009-0001-5},
    year = {2009},
    month = {feb},
    publisher = {Springer Science and Business Media {LLC}},
    volume = {34},
    number = {1},
    pages = {3--25},
    author = {H. Geuvers},
    title = {Proof assistants: History,  ideas and future},
    journal = {Sadhana}
}

@article{appel1976every,
    title={Every planar map is four colorable},
    author={Appel, Kenneth and Haken, Wolfgang},
    journal={Bulletin of the American mathematical Society},
    volume={82},
    number={5},
    pages={711--712},
    year={1976},
    publisher={American Mathematical Society}
}

@article{appel1977every,
    title={Every planar map is four colorable. Part II: Reducibility},
    author={Appel, Kenneth and Haken, Wolfgang and Koch, John},
    journal={Illinois Journal of Mathematics},
    volume={21},
    number={3},
    pages={491--567},
    year={1977},
    publisher={Duke University Press}
}

@article{robertson1997four,
    title={The four-colour theorem},
    author={Robertson, Neil and Sanders, Daniel and Seymour, Paul and Thomas, Robin},
    journal={journal of combinatorial theory, Series B},
    volume={70},
    number={1},
    pages={2--44},
    year={1997},
    publisher={Elsevier}
}

@article{wadler2015propositions,
    author = {Wadler, Philip},
    title = {Propositions as Types},
    year = {2015},
    issue_date = {December 2015},
    publisher = {Association for Computing Machinery},
    address = {New York, NY, USA},
    volume = {58},
    number = {12},
    issn = {0001-0782},
    url = {https://doi.org/10.1145/2699407},
    doi = {10.1145/2699407},
    journal = {Communications of the ACM},
    month = {nov},
    pages = {75--84},
    numpages = {10}
}

@article{chlipala2010introduction,
    title={An Introduction to Programming and Proving with Dependent Types in Coq},
    author={Chlipala, Adam},
    journal={Journal of Formalized Reasoning},
    volume={3},
    number={2},
    pages={1--93},
    year={2010}
}

@article{church1940formulation,
    title={A formulation of the simple theory of types},
    author={Church, Alonzo},
    journal={The journal of symbolic logic},
    volume={5},
    number={2},
    pages={56--68},
    year={1940},
    publisher={Cambridge University Press}
}

@article{lob1955solution,
    title={Solution of a problem of Leon Henkin},
    author={L{\"o}b, Martin Hugo},
    journal={The Journal of Symbolic Logic},
    volume={20},
    number={2},
    pages={115--118},
    year={1955},
    address={Cambridge},
    publisher={Cambridge University Press}
}

@article{henkin1952problem,
    title={A problem concerning provability},
    author={Henkin, Leon},
    journal={Journal of Symbolic Logic},
    volume={17},
    number={2},
    pages={160},
    year={1952}
}

@article{smiley1963logical,
    title={The logical basis of ethics},
    author={Smiley, Timothy},
    journal={Acta Philosophica Fennica},
    volume={16},
    pages={237--246},
    year={1963}
}

@article{klein2010sel4,
    author = {Klein, Gerwin and Andronick, June and Elphinstone, Kevin and Heiser, Gernot and Cock, David and Derrin, Philip and Elkaduwe, Dhammika and Engelhardt, Kai and Kolanski, Rafal and Norrish, Michael and Sewell, Thomas and T
uch, Harvey and Winwood, Simon},
    title = {SeL4: Formal Verification of an Operating-System Kernel},
    year = {2010},
    issue_date = {June 2010},
    publisher = {Association for Computing Machinery},
    address = {New York, NY, USA},
    volume = {53},
    number = {6},
    issn = {0001-0782},
    url = {https://doi.org/10.1145/1743546.1743574},
    doi = {10.1145/1743546.1743574},
    journal = {Commun. ACM},
    month = {jun},
    pages = {107–115},
    numpages = {9}
}

@article{tait1967intensional,
    title={Intensional interpretations of functionals of finite type I},
    author={Tait, William W},
    journal={The journal of symbolic logic},
    volume={32},
    number={2},
    pages={198--212},
    year={1967},
    publisher={Cambridge University Press}
}

@article{kracht1991properties,
    title={Properties of independently axiomatizable bimodal logics},
    author={Kracht, Marcus and Wolter, Frank},
    journal={The Journal of Symbolic Logic},
    volume={56},
    number={4},
    pages={1469--1485},
    year={1991},
    publisher={Cambridge University Press}
}

@article{kracht1997simulation,
    title={Simulation and transfer results in modal logic--a survey},
    author={Kracht, Marcus and Wolter, Frank},
    journal={Studia Logica},
    volume={59},
    number={2},
    pages={149--177},
    year={1997},
    publisher={Springer}
}

@article{thomason1980independent,
    title={Independent propositional modal logics},
    author={Thomason, SK},
    journal={Studia Logica},
    volume={39},
    number={2},
    pages={143--144},
    year={1980},
    publisher={Springer}
}

@article{sanford1970truth,
    title={What is a Truth Functional Component?},
    author={Sanford, David H},
    journal={Logique et Analyse},
    volume={13},
    number={52},
    pages={483--486},
    year={1970},
    publisher={JSTOR}
}

@article{zorn1935remark,
    title={A remark on method in transfinite algebra},
    author={Zorn, Max},
    journal={Bulletin of the American Mathematical Society},
    volume={41},
    number={10},
    pages={667--670},
    year={1935}
}

@article{russell1908mathematical,
    title={Mathematical logic as based on the theory of types},
    author={Russell, Bertrand},
    journal={American Journal of Mathematics},
    volume={30},
    number={3},
    pages={222--262},
    year={1908},
    publisher={JSTOR}
}

@article{ramsey1931general,
    title={General propositions and causality},
    author={Ramsey, Frank Plumpton},
    year={1931},
    publisher={Kegan Paul, Trench \& Trubner}
}

@article{barendregt1991introduction,
    title={Introduction to generalized type systems},
    volume={1},
    number={2},
    journal={Journal of Functional Programming},
    publisher={Cambridge University Press},
    author={Barendregt, Henk},
    year={1991},
    pages={125--154}
}

@article{crosilla2017predicativity,
    title={Predicativity and Feferman},
    author={Crosilla, Laura},
    journal={Feferman on foundations: Logic, mathematics, philosophy},
    pages={423--447},
    year={2017},
    publisher={Springer}
}

@article{martin1984constructive,
    title={Constructive mathematics and computer programming},
    author={Martin-Lof, Per},
    journal={Philosophical Transactions of the Royal Society of London. Series A, Mathematical and Physical Sciences},
    volume={312},
    number={1522},
    pages={501--518},
    year={1984},
    address={London},
    publisher={The Royal Society London}
}

@article{harper1993framework,
    title={A framework for defining logics},
    author={Harper, Robert and Honsell, Furio and Plotkin, Gordon},
    journal={Journal of the ACM (JACM)},
    volume={40},
    number={1},
    pages={143--184},
    year={1993},
    publisher={ACM New York, NY, USA}
}

@article{benzmuller2019universal,
    title = {Universal (meta-)logical reasoning: Recent successes},
    journal = {Science of Computer Programming},
    volume = {172},
    pages = {48-62},
    year = {2019},
    issn = {0167-6423},
    doi = {https://doi.org/10.1016/j.scico.2018.10.008},
    url = {https://www.sciencedirect.com/science/article/pii/S0167642318301461},
    author = {Christoph Benzm{\"u}ller}
}

% --------------------------- OUTROS ---------------------------

@techreport{gonthier2005computer,
    title  ={A computer-checked proof of the four colour theorem},
    author ={Gonthier, Georges},
    publisher ={Microsoft Research},
    address = {Cambridge},
    year ={2005}
}

@techreport{azurat2002survey,
    author      = {Azurat, Ade and Prasetya, Wishnu},
    year        = {2002},
    month       = {03},
    institution = {Utrecht University: Institute of Information and Computing Sciences},
    address     = {Utrecht},
    title       = {A Survey on Embedding Programming Logics in a Theorem Prover}
}

@manual{coqteam2022manual,
    title    = {The Coq Reference Manual},
    author   = {The Coq Development Team},
    address  = {France},
    year     = {2022},
    language = {English},
    version  = {8.16.0}
}


%% --------------------------- TRABALHOS RELACIONADOS --------------------------- %%

@inproceedings{benzmuller2010combining,
    title={Combining logics in simple type theory},
    author={Benzm{\"u}ller, Christoph},
    booktitle={International Workshop on Computational Logic in Multi-Agent Systems},
    pages={33--48},
    year={2010},
    address={Berlin},
    organization={Springer}
}

@inproceedings{fuenmayor2019mechanised,
    title={Mechanised assessment of complex natural-language arguments using expressive logic combinations},
    author={Fuenmayor, David and Benzm{\"u}ller, Christoph},
    booktitle={International Symposium on Frontiers of Combining Systems},
    pages={112--128},
    year={2019},
    address={London},
    organization={Springer}
}

@article{lescanne2007dynamic,
    title={Dynamic logic of common knowledge in a proof assistant},
    author={Lescanne, Pierre and Puiss{\'e}gur, J{\'e}r{\^o}me},
    journal={arXiv preprint arXiv:0712.3146},
    year={2007}
}

@article{rabe2017identify,
    title={How to identify, translate and combine logics?},
    author={Rabe, Florian},
    journal={Journal of Logic and Computation},
    volume={27},
    number={6},
    pages={1753--1798},
    year={2017},
    publisher={Oxford University Press}
}

@article{gilbert2019definitional,
    author = {Gilbert, Ga\"{e}tan and Cockx, Jesper and Sozeau, Matthieu and Tabareau, Nicolas},
    title = {Definitional Proof-Irrelevance without K},
    year = {2019},
    issue_date = {January 2019},
    publisher = {Association for Computing Machinery},
    address = {New York, NY, USA},
    volume = {3},
    number = {POPL},
    url = {https://doi.org/10.1145/3290316},
    doi = {10.1145/3290316},
    journal = {Proceedings of the ACM on Programming Languages},
    month = {jan},
    articleno = {3},
    numpages = {28}
}